@book{LiquetMokaNazarathy2024DeepLearning,
  title = {Mathematical Engineering of Deep Learning},
  author = {Benoit Liquet, Sarat Moka, and Yoni Nazarathy},
  publisher = {CRC Press},
  year = {2024}
}

@book{durr,
author = {Oliver Durr, Beate Sick, Elvis Murina}, 
title      = {Probabilistic Deep Learning},
booktitle = {Probabilistic Deep Learning},
publisher = {Manning Publications},
year = 2020
}

@online{kerasfunctional,
author = {Keras},
title = {Keras Functional API},
year = {2023},
url = {https://keras.io/guides/functional_api/}
}

@online{datawarehouse,
author = {Ralph Kimball, Margy Ross},
title = {The Data Warehouse Toolkit: The Definitive Guide to Dimensional Modeling},
year = {2013}
}