@inbook{ oceanchinook,
author = {Brian Riddel, Richard Brodeur, Alexander Bugaev, Paul Moran, James Murphy, Joseph Orsi, Marc Trudel, Laurie Wietkamp, Brian Wells, Alex Wertheimer},
chapter = {Ocean Ecology of Chinook Salmon},
crossref = {oceansalmon}
}

@book{ oceansalmon,
editor = {Richard Beamish}, 
title      = {The Ocean Ecology of Pacific Salmon and Trout},
booktitle = {The Ocean Ecology of Pacific Salmon and Trout},
publisher = {American Fisheries Society},
year = 2018
}


@book{salmonplan,
editor = {PFMC}, 
title      = {Pacific Coast Salmon Fishery Management Plan},
booktitle = {Pacific Coast Salmon Fishery Management Plan},
publisher = {Pacific Fishery Management Council},
year = 2024
}

@article{bracis2012,
  author  = "Chloe Bracis, James Anderson",
  title   = "An investigation of the geomagnetic imprinting hypothesis for salmon",
  journal = "Fisheries Oceanography",
  year    = 2012,
  volume  = "21",
  number  = "2-3",
  pages   = "170-181"
}

@article{shelton2019,
  author  = "Andrew Shelton, William Satterthwaite, Eric Ward, Blake Feist, Brian Burke",
  title   = "Using hierarchical models to estimate stock-specific and seasonal variation in ocean distribution, survivorship, and aggregate abundance of fall run Chinook salmon",
  journal = "Canadian Journal of Fisheries and Aquatic Sciences",
  year    = 2019,
  volume  = "76",
  pages   = "95-108"
}

@article{tucker2019,
  author  = "S. Tucker, M. Trudel, D. Welch, J. Candy, J. Morris, M. Thiess, C. Wallace, T. D. Beacham",
  title   = "Life History and Seasonal Stock-Specific Ocean Migration of Juvenile Chinook Salmon",
  journal = "Transactions of the American Fisheries Society",
  year    = 2011,
  volume  = "140",
  pages   = "1101–1119"
}


@article{langan2024,
  author  = "Joseph Langan, Curry Cunningham, Jordan Watson, Skip McKinnell",
  title   = "Life History and Seasonal Stock-Specific Ocean Migration of Juvenile Chinook Salmon",
  journal = "Fish and Fisheries",
  year    = 2024
}

@online{NOAA22,
author = {NOAA},
title = {Ocean Salmon Fisheries on the West Coast},
year = {2022},
url = {https://www.fisheries.noaa.gov/west-coast/sustainable-fisheries/ocean-salmon-fisheries-west-coast}
}

@online{NOAA24,
author = {NOAA},
title = {Chinook Salmon (Protected)},
year = {2024},
url = {https://www.fisheries.noaa.gov/species/chinook-salmon-protected}
}

@article{ianelli2015,
  author  = "James Ianelli, Diana Stram ",
  title   = "Estimating impacts of the pollock fishery bycatch on western Alaska Chinook salmon",
  journal = "ICES Journal of Marine Science",
  year    = 2015,
  volume  = "72",
  number = "4",
  pages   = "1159–1172"
}

@article{kendall2011,
  author  = "Neala Kendall, Thomas Quinn",
  title   = "Length and Age Trends of Chinook Salmon in the Nushagak River, Alaska, Related to Commercial and Recreational Fishery Selection and Exploitation",
  journal = "Transactions of the American Fisheries Society",
  year    = 2011,
  volume  = "140",
  pages   = "611-622"
}
