@online{reefcause,
author = {ReefCause Team},
title = {Why Are Sharks Important For Healthy Coral Reefs},
year = {2021},
url = {https://conservation.reefcause.com/why-are-sharks-important-for-healthy-coral-reefs/},
OPTsubtitle = {},
OPTtitleaddon = {},
OPTlanguage = {},
OPTversion = {},
OPTnote = {},
OPTorganization = {},
OPTdate = {},
OPTmonth = {},
OPTaddendum = {},
OPTpubstate = {},
OPTurldate = {},
}

@book{biomimicry,
  title = {Biomimicry},
  author = {Janine Benyus},
  publisher = {William Morrow},
  year = {2002}
}

@book{cybernetics,
  title = {An Introduction to Cybernetics},
  author = {W. Ross Ashby},
  publisher = {Martino Fine Books},
  year = {1956}
}

@book{stability,
  title = {Stability of Dynamical Systems},
  author = {Anthony Michel, Ling Hon, Derong Liu},
  publisher = {Birkhauser Boston},
  year = {2008}
}

@book{feedback,
  title = {Feedback Control of Dynamic Systems},
  author = {Gene Franklin, J. David Powell, Abbas Emami-Naeini},
  publisher = {Pearson},
  year = {2015}
}