@inbook{ oceanchinook,
author = {Brian Riddel, Richard Brodeur, Alexander Bugaev, Paul Moran, James Murphy, Joseph Orsi, Marc Trudel, Laurie Wietkamp, Brian Wells, Alex Wertheimer},
chapter = {Ocean Ecology of Chinook Salmon},
crossref = {oceansalmon}
}

@book{ oceansalmon,
editor = {Richard Beamish}, 
title      = {The Ocean Ecology of Pacific Salmon and Trout},
booktitle = {The Ocean Ecology of Pacific Salmon and Trout},
publisher = {American Fisheries Society},
year = 2018
}


@book{salmonplan,
author = {PFMC}, 
title      = {Pacific Coast Salmon Fishery Management Plan},
booktitle = {Pacific Coast Salmon Fishery Management Plan},
publisher = {Pacific Fishery Management Council},
year = 2024
}

@article{bracis2012,
  author  = "Chloe Bracis, James Anderson",
  title   = "An investigation of the geomagnetic imprinting hypothesis for salmon",
  journal = "Fisheries Oceanography",
  year    = 2012,
  volume  = "21",
  number  = "2-3",
  pages   = "170-181"
}

@article{shelton2019,
  author  = "Andrew Shelton, William Satterthwaite, Eric Ward, Blake Feist, Brian Burke",
  title   = "Using hierarchical models to estimate stock-specific and seasonal variation in ocean distribution, survivorship, and aggregate abundance of fall run Chinook salmon",
  journal = "Canadian Journal of Fisheries and Aquatic Sciences",
  year    = 2019,
  volume  = "76",
  pages   = "95-108"
}

@article{tucker2019,
  author  = "S. Tucker, M. Trudel, D. Welch, J. Candy, J. Morris, M. Thiess, C. Wallace, T. D. Beacham",
  title   = "Life History and Seasonal Stock-Specific Ocean Migration of Juvenile Chinook Salmon",
  journal = "Transactions of the American Fisheries Society",
  year    = 2011,
  volume  = "140",
  pages   = "1101–1119"
}


@article{langan2024,
  author  = "Joseph Langan, Curry Cunningham, Jordan Watson, Skip McKinnell",
  title   = "Opening the black box: New insights into the role of temperature in the marine distributions of Pacific salmon",
  journal = "Fish and Fisheries",
  year    = 2024
}

@online{NOAA22,
author = {NOAA},
title = {Ocean Salmon Fisheries on the West Coast},
year = {2022},
url = {https://www.fisheries.noaa.gov/west-coast/sustainable-fisheries/ocean-salmon-fisheries-west-coast}
}

@online{NOAA24,
author = {NOAA},
title = {Chinook Salmon (Protected)},
year = {2024},
url = {https://www.fisheries.noaa.gov/species/chinook-salmon-protected}
}

@article{ianelli2015,
  author  = "James Ianelli, Diana Stram ",
  title   = "Estimating impacts of the pollock fishery bycatch on western Alaska Chinook salmon",
  journal = "ICES Journal of Marine Science",
  year    = 2015,
  volume  = "72",
  number = "4",
  pages   = "1159–1172"
}

@article{kendall2011,
  author  = "Neala Kendall, Thomas Quinn",
  title   = "Length and Age Trends of Chinook Salmon in the Nushagak River, Alaska, Related to Commercial and Recreational Fishery Selection and Exploitation",
  journal = "Transactions of the American Fisheries Society",
  year    = 2011,
  volume  = "140",
  pages   = "611-622"
}

@book{waltersmartell,
author = {Carl Walters, Steven Martell}, 
title      = {Fisheries Ecology and Management},
booktitle = {Fisheries Ecology and Management},
publisher = {Princeton University Press},
year = 2005
}


@article{sibert1999,
  author  = "John Sibert, John Hampton, David Fournier, Peter Bills",
  title   = "An advection–diffusion–reaction model for the estimation of fish movement parameters from tagging data, with application to skipjack tuna (Katsuwonus pelamis)",
  journal = "Canadian Journal of Fisheries and Aquatic Sciences",
  year    = 1999,
  volume  = "56",
  pages   = "925-938"
}

@article{lehodey2008,
  author  = "Patrick Lehodey, Inna Senina, Raghu Murtugudde",
  title   = "A spatial ecosystem and populations dynamics model (SEAPODYM) – Modeling of tuna and tuna-like populations",
  journal = "Progress in Oceanography",
  year    = 2008,
  volume  = "78",
  pages   = "304–318"
}

@book{grimm,
author = {Volker Grimm, Steven Railsback}, 
title      = {Individual-based Modeling and Ecology},
booktitle = {Individual-based Modeling and Ecology},
publisher = {Princeton University Press},
year = 2005
}

@article{phillipsa2018,
  author  = "Joe Phillipsa, Alex Guptaa, Inna Seninad, Erik van Sebillec, Michael Langee, Patrick Lehodeyd, John Hamptonb, Simon Nicolg",
  title   = "An individual-based model of skipjack tuna (Katsuwonus pelamis) movement in the tropical Pacific ocean",
  journal = "Progress in Oceanography",
  year    = 2018,
  volume  = "164",
  pages   = "63-74"
}

@article{goodwin2006,
  author  = "R. Andrew Goodwin, John Nestler, James Anderson, Larry Weber, Daniel Loucks",
  title   = "Forecasting 3-D fish movement behavior using a Eulerian–Lagrangian–agent method (ELAM)",
  journal = "Ecological Modelling",
  year    = 2006,
  volume  = "192",
  pages   = "197-223"
}

@article{burke2016,
  author  = "Brian Burke, James Anderson, Jessica Miller, Londi Tomaro, David Teel, Neil Banas, António Baptista ",
  title   = "Estimating behavior in a black box: how coastal oceanographic dynamics influence yearling Chinook salmon marine growth and migration behaviors",
  journal = "Environmental Biology of Fishes",
  year    = 2016,
  volume  = "99",
  pages   = "671-686"
}

@book{king,
author = {Michael King}, 
title      = {Fisheries Biology, Assessment and Management},
booktitle = {Fisheries Biology, Assessment and Management},
publisher = {Blackwell Publishing},
year = 2007
}

@article{sippel2014,
  author  = "Tim Sippel, J. Paige Eveson, Benjamin Galuardi, Chi Lam, Simon Hoyle, Mark Maunder, Pierre Kleiber, Felipe Carvalho, Vardis Tsontos, Steven Teo, Alexandre Aires-da-Silva, Simon Nicol ",
  title   = "Using movement data from electronic tags in fisheries stock assessment: A review of models, technology and experimental design",
  journal = "Fisheries Research",
  year    = 2014
}

@online{ASAP,
author = {NOAA},
title = {Tool: Age Structured Assessment Program (ASAP)},
year = {2024},
url = {https://noaa-fisheries-integrated-toolbox.github.io/ASAP}
}

@article{punt2019,
  author  = "Andre Punt",
  title   = "Spatial stock assessment methods: a viewpoint on current issues and assumptions",
  journal = "Fisheries Research",
  year    = 2019
}

@article{goethel2023,
  author  = "Daniel Goethel, Aaron Berger, Steven Cadrin",
  title   = "Spatial awareness: good practices and pragmatic recommendations for developing spatially structured stock assessments",
  journal = "Fisheries Research",
  year    = 2023
}

@article{cadrin2020,
  author  = "Steven Cadrin",
  title   = "Defining spatial structure for fishery stock assessment",
  journal = "Fisheries Research",
  year    = 2020
}

@article{prince2010,
  author  = "Jeremy Prince",
  title   = "Rescaling fisheries assessment and management: A generic approach, access rights, change agents, and toolboxes",
  journal = "Bulletin of Marine Science",
  year    = 2010,
  volume  = "86",
  number = "2",
  pages   = "197-219"
}

@article{selig2016,
  author  = "Elizabeth Selig, Kristin Kleisner, Oren Ahoobim, Freddy Arocha, Annabelle Cruz-Trinidad, Rod Fujita, Mafaniso Hara, Laure Katz, Patrick McConney, Blake Ratner, Lina Saavedra-Diaz, Anne-Maree Schwarz, Djiga Thiao, Elin Torell, Sebastian Troeng, Sebastian Villasante",
  title   = "A typology of fisheries management tools: using experience to catalyse greater success",
  journal = "Fish and Fisheries",
  year    = 2016
}

@article{little2014,
  author  = "Alyson Little, Coby Needle, Ray Hilborn, Daniel Holland, C Tara Marshall",
  title   = "Real-time spatial management approaches to reduce bycatch and discards: experiences from Europe and the United States",
  journal = "Fish and Fisheries",
  year    = 2014
}

@article{lorenzen2010,
  author  = "Kai Lorenzen, Robert Steneck, Robert Warner, Ana Parma, Felicia Coleman, Kenneth Leber",
  title   = "THE SPATIAL DIMENSIONS OF FISHERIES: PUTTING IT ALL IN PLACE",
  journal = "Bulletin of Marine Science",
  year    = 2010,
  volume  = "86",
  number = "2",
  pages   = "169-177"
}

@book{durr,
author = {Oliver Durr, Beate Sick, Elvis Murina}, 
title      = {Probabilistic Deep Learning},
booktitle = {Probabilistic Deep Learning},
publisher = {Manning Publications},
year = 2020
}

@online{RedGrouper,
author = {NOAA},
title = {Red Grouper},
year = {2024},
url = {https://www.fisheries.noaa.gov/species/red-grouper}
}

@article{erisman2017,
  author  = " Brad Erisman, William Heyman, Shinichi Kobara, Tal Ezer, Simon Pittman, Octavio
 Aburto-Oropeza, Richard Nemeth",
  title   = "Fish spawning aggregations: where well-placed management actions can yield big benefits
 for fisheries and conservation",
  journal = "Fish and Fisheries",
  year    = 2017
}

@article{armstrong2001,
  author  = "Michael Armstrong, Steven Cadrin",
  title   = "Morphometric Variation among Spawning Groups of the Gulf of Maine–Georges Bank Herring Complex",
  journal = "International Herring Symposium",
  year    = 2001
}

@online{PSAT,
author = {Wildlife Computers},
title = {MINIPAT},
year = {2024},
url = {https://wildlifecomputers.com/our-tags/pop-up-satellite-tags-fish/minipat/}
}