@book{durr,
author = {Oliver Durr, Beate Sick, Elvis Murina}, 
title      = {Probabilistic Deep Learning},
booktitle = {Probabilistic Deep Learning},
publisher = {Manning Publications},
year = 2020
}

@online{PSAT,
author = {Wildlife Computers},
title = {MINIPAT},
year = {2024},
url = {https://wildlifecomputers.com/our-tags/pop-up-satellite-tags-fish/minipat/}
}